@Article{Dolence:09,
 author   = {Dolence, Joshua C. and Gammie, Charles F. and Mościbrodzka, Monika and Leung, Po Kin},
 title    = {grmonty: A Monte Carlo Code for Relativistic Radiative Transport},
 journal  = {The Astrophysical Journal Supplement},
 volume   = {184},
 issue    = {2},
 pages    = {387-397},
 year     = {2009},
}

@ARTICLE{eletro-hidro-dynamic,
   author = {Alfvén, H.},
    title = "{Existence of Electromagnetic-Hydrodynamic Waves}",
  journal = {nature},
     year = 1942,
    month = oct,
   volume = 150,
    pages = {405-406},
      doi = {10.1038/150405d0},
   adsurl = {http://adsabs.harvard.edu/abs/1942Natur.150..405A},
  adsnote = {Provided by the SAO/NASA Astrophysics Data System}
}

@book{HCP:16,
 author   = {Eijkhout, Victor and Chow, Edmond and Geijn, V. Robert},
 title    = {Introduction to High Performance Scientific Computing},
 publisher= {Saylor Academy},
 year     = {2016}
}

@Misc{Hague:13,
  author       = {James Hague},
  title        = {Why Do Dedicated Game Consoles Exist?},
  year         = {2013},
  month        = {set},
  note         = {último acesso em 4/5/2015},
  howpublished = {
    \url{https://web.archive.org/web/20150504042057/http://prog21.dadgum.com/181.html}
  }
}

@Misc{gtx1070:16,
  author       = {Tarun Balraj},
  title        = {NVIDIA GeForce GTX 1070 Goes On Sale},
  year         = {2016},
  month        = {jun},
  note         = {último acesso em 31/01/2018},
  howpublished = {
    \url{https://www.techpowerup.com/223293/nvidia-geforce-gtx-1070-goes-on-sale}
  }
}

@Misc{inteli7:16,
  author       = {Intel},
  title        = {Intel® Core™ i7-6850K Processor},
  year         = {2016},
  month        = {jun},
  note         = {último acesso em 31/01/2018},
  howpublished = {
    \url{https://ark.intel.com/products/94188/Intel-Core-i7-6850K-Processor-15M-Cache-up-to-3_80-GHz}
  }
}

@Book{massively:16,
  author    = {David Kirk and Wen-mei Hwu},
  title     = {Programming Massively Parallel Processors},
  edition   = {3},
  publisher = {Morgan Kaufmann},
  year      = {2016}
}

@Misc{opengl,
  title        = {{OpenGL}},
  author       = {{The Khronos Group Inc.}},
  note         = {último acesso em 31/01/2018},
  year         = {2018},
  note         = {último acesso em 31/01/2018},
  howpublished = { \url{https://www.opengl.org/about/} }
}

@Misc{directx,
  title        = {{DirectX}},
  author       = {{Microsoft}},
  note         = {último acesso em 31/01/2018},
  year         = {2018},
  note         = {último acesso em 31/01/2018},
  howpublished = {
    \url{https://msdn.microsoft.com/en-us/library/windows/desktop/hh309467}
  }
}

@Misc{vulkan,
  title        = {{Vulkan}},
  author       = {{The Khronos Group Inc.}},
  note         = {último acesso em 31/01/2018},
  year         = {2018},
  note         = {último acesso em 31/01/2018},
  howpublished = {
    \url{https://www.khronos.org/vulkan/}
  }
}

@Article{closer-look:08,
  author   = {Fatahalian, K. and Houston, M. },
  title    = {GPUs: A Closer Look},
  publisher= {Association for Computing Machinery},
  year     = {2008}
}

@Article{gpu-comp:08,
  author   = {
    GREEN, S. and
    HOUSTON, M. and
    LUEBKE, D. and
    OWENS, J. D. and
    PHILLIPS, J. C. And
    STONE, J. E
  },
  title   = {GPU Computing},
  journal = {Proceedings of the IEEE},
  page    = {879-899},
  month   = {may},
  year    = {2008},
  issue   = {5},
  volume  = {96}
}

@Manual{atari-field:83,
  author    = {{Atari}},
  title     = {Field Service Manual: Model 2600/2600A Domestic (M/N)},
  year      = {1983},
  publisher = {ATARI, INC.}
}

@Misc{amiga:17,
  author       = {Steen Jessen},
  title        = {Big Book of Amiga Hardware},
  year         = {2017},
  note         = {último acesso em 31/01/2018},
  howpublished = {
    \url{http://www.bigbookofamigahardware.com/}
  }
}

@Misc{N64Launch:96,
  author       = {Scott McCall},
  title        = {N64's US Launch},
  year         = {1996},
  month        = {sep},
  note         = {último acesso em 31/01/2018},
  howpublished = {
    \url{http://www.pennoaks.net/archive64/Miscellaneous_Articles/N64_US_Launch.htm}
  }
}

@Manual{manual64:98,
 title    = {Nintendo64 Function Reference Manual},
 author   = {{Nintendoi of America Inc.}},
 year     = {1998}
}

@Misc {nvida256,
  author = {{NVIDA}},
  title  = {NVIDIA Launches the World's First Graphics Processing Unit: GeForce 256},
  year   = {1999},
  note         = {último acesso em 31/01/2018},
  howpublished = {
    \url{https://www.nvidia.com/object/IO_20020111_5424.html}
  }

}

@Book{zobel:04,
 author   = {Justin Zobel},
 title    = {Writing for Computer Science: The art of effective communication},
 publisher= {Springer},
 edition  = {Segunda},
 year     = {2004},
}

@Book{eco:09,
 author   = {Umberto Eco},
 title    = {Como se Faz uma Tese},
 edition  = {2},
 publisher= {Perspectiva},
 note     = {Tradu Gilson Cesar Cardoso de Souza},
 year     = {2009},
}

@Book{waz:09,
 author   = {Raul S. Wazlawick},
 title    = {Metodologia de Pesquisa em Ciencia da Computação},
 publisher= {Campus},
 edition  = {Primeira},
 year     = {2009},
}

@Book{Higham:98,
 author   = {Nicholas J. Higham},
 title    = {Handbook of Writing for the Mathematical Sciences},
 edition  = {segunda},
 publisher= {SIAM: Society for Industrial and Applied Mathematics},
 month    = Aug,
 year     = {1998},
}

@InProceedings{alves03:simi,
 author   = {Carlos E. R. Alves and Edson N. Cceres and Frank Dehne and Siang W. Song},
 title    = {A Parallel Wavefront Algorithm for Efficient Biological Sequence Comparison},
 booktitle= {ICCSA '03: The 2003 International Conference on Computational Science and its Applications},
 year     = {2003},
 pages    = {249-258},
 month    = May,
 publisher= {Springer-Verlag}
}

@Techreport{alvisi99:analysisCIC,
 author   = {Lorenzo Alvisi and Elmootazbellah Elnozahy and Sriram S. Rao and Syed A. Husain and Asanka Del Mel},
 title    = {An Analysis of Comunication-Induced Checkpointing},
 institution= {Department of Computer Science, University of Texas at Austin},
 year     = {1999},
 number   = {TR-99-01},
 address  = {Austin, {USA}}
}

@Misc{gridftp,
 author   = {William Allcock},
 title    = {{GridFTP} protocol specification. {Global Grid Forum} Recommendation ({GFD}.20)},
 year     = {2003}
}

@Book{JW82,
 author   = {Richard A. Johnson and Dean W. Wichern},
 title    = {Applied Multivariate Statistical Analysis},
 publisher= {Prentice-Hall},
 year     = {1983}
}

@Manual{CORBA:spec,
 title    = {{CORBA v3.0 Specification}},
 author   = {{Object Management Group}},
 month    = Jul,
 year     = {2002},
 note     = {{OMG Document 02-06-33}}
}

@PhdThesis{garcia01:PhD,
 author   = {Islene C. Garcia},
 title    = {Viees Progressivas de Computaees Distribuedas},
 school   = {Instituto de Computaeo, Universidade de Campinas, Brasil},
 year     = {2001},
 month    = {Dezembro}
}

@Conference{bronevetsky02,
 author   = {Greg Bronevetsky and Daniel Marques and Keshav Pingali and Paul Stodghill},
 title    = {Automated application-level checkpointing of {MPI} programs},
 booktitle= {PPoPP '03: Proceedings of the 9th ACM SIGPLAN Symposium on Principles and Practice of Parallel Programming},
 year     = {2003},
 pages    = {84-89}
}

@InCollection{bobaoglu93:concepts,
 author   = {Ozalp Babaoglu and Keith Marzullo},
 title    = {Consistent Global States of Distributed Systems: Fundamental Concepts and Mechanisms},
 editor   = {Sape Mullender},
 booktitle= {Distributed Systems},
 edition  = {segunda},
 year     = {1993},
 pages    = {55-96}
}

@MastersThesis{schmidt03:MSc,
 author   = {Rodrigo M. Schmidt},
 title    = {Coleta de Lixo para Protocolos de \emph{Checkpointing}},
 school   = {Instituto de Computaeo, Universidade de Campinas, Brasil},
 year     = {2003},
 month    = Oct
}

@Misc{fowler04:designDead,
 author   = {Martin Fowler},
 title    = {Is Design Dead?},
 year     = {2004},
 month    = May,
 note     = {etimo acesso em 30/1/2010},
 howpublished= {\url{http://martinfowler.com/articles/designDead.html}},
}

@Misc{FSF:GNU-GPL,
 author   = {Free Software Foundation},
 title    = {{GNU} general public license},
 note     = {etimo acesso em 30/1/2010},
 howpublished= {\url{http://www.gnu.org/copyleft/gpl.html}},
}

@article{alon09:how,
 author   = {Uri Alon},
 title    = {{How To Choose a Good Scientific Problem}},
 journal  = {Molecular Cell},
 year     = {2009},
 volume   = {35},
 number   = {6},
 pages    = {726--728},
 publisher= {Cell Press},
 month    = sep,
 doi      = {10.1016/j.molcel.2009.0James Hague9.013},
}
